@online{mnist,
    author    = "Yann LeCun, Corinna Cortes and Christopher J.C. Burges",
    title     = "The Mnist Database of handwritten digits",
    url       = "http://yann.lecun.com/exdb/mnist/"
}

@online{tensorflow_beginners,
	title     = "MNIST For ML Beginners",
	url       = "https://www.tensorflow.org/get_started/mnist/beginners"
}

@online{vijendra,
    author    = "Vijendra Singh, Hemjyotsana Parashar and Nisha Vasudeva",
    title     = "Recognition of Text Image Using Multilayer Perceptron",
    url       = "https://arxiv.org/pdf/1612.00625.pdf"
}

@online{tensorflow,
    title     = "Tensorflow: Get Started",
    url       = "https://www.tensorflow.org/get_started/get_started"
}

@online{tensorflow_perceptron,
    author    = "Aymeric Damien",
    title     = "Multilayer Perceptron",
    url       = "https://github.com/aymericdamien/TensorFlow-Examples/blob/master/examples/3_NeuralNetworks/multilayer_perceptron.py"
}

@online{history40,
    title     = "History: The 1940's to the 1970's",
    url       = "https://cs.stanford.edu/people/eroberts/courses/soco/projects/neural-networks/History/history1.html"
}

@online{history80,
    title     = "History: The 1980's to the present",
    url       = "https://cs.stanford.edu/people/eroberts/courses/soco/projects/neural-networks/History/history2.html"
}

@online{amrita,
	author    = "Amrita Hirwani1 and Sandeep Gonnade",
    title     = "Character Recognition Using Multilayer Perceptron",
    url       = "http://citeseerx.ist.psu.edu/viewdoc/download?doi=10.1.1.642.3503&rep=rep1&type=pdf"
}

@online{adam,
	author    = "Jason Brownlee",
	title     = "Gentle Introduction to the Adam Optimization Algorithm for Deep Learning",
	url       = "https://machinelearningmastery.com/adam-optimization-algorithm-for-deep-learning/"
}

@online{relu,
	title     = "Rectifier (neural networks)",
	url       = "https://en.wikipedia.org/wiki/Rectifier_(neural_networks)"
}

